@misc{opencvimgprocfilter,
  title        = {Image Filtering},
  howpublished = {\url{https://docs.opencv.org/4.x/d4/d86/group__imgproc__filter.html}},
  note         = {Accessed: 2024-09-15}
}

@misc{opencv_non_local_means,
  title        = {Non-Local Means Denoising},
  howpublished = {\url{https://docs.opencv.org/3.4/d5/d69/tutorial_py_non_local_means.html}},
  note         = {Accessed: 2024-09-15}
}

@misc{wsthub_fourier_transform,
  title        = {Python Computer Vision Tutorials â€” Image Fourier Transform / part 3},
  author       = {WSTHUB},
  howpublished = {\url{https://wsthub.medium.com/python-computer-vision-tutorials-image-fourier-transform-part-3-e65d10be4492}},
  note         = {Accessed: 2024-09-15}
}
