@misc{mathworks_object_recognition,
  title        = {¿Qué es el reconocimiento de objetos?},
  howpublished = {\url{https://la.mathworks.com/solutions/image-video-processing/object-recognition.html}},
  note         = {Consultado: 11-Oct-2024}
}

@misc{valdes_deteccion_bordes_canny,
  author       = {Daniel Valdés},
  title        = {Detección de bordes mediante el algoritmo de Canny},
  howpublished = {\url{https://www.cs.buap.mx/~daniel.valdes/docs/Deteccion_de_bordes_mediante_el_algoritmo_de_Canny.pdf}},
  note         = {Consultado: 11-Oct-2024}
}

@misc{core_detection_biomedical,
  title        = {Detection of Anatomical Objects in Medical Images: A Biomedical Engineering Approach},
  howpublished = {\url{https://core.ac.uk/download/pdf/296431292.pdf}},
  note         = {Consultado: 11-Oct-2024}
}

@misc{omesva_deteccion_rostros_haar,
  title        = {Detección de rostros con Haar Cascades, Python y OpenCV},
  howpublished = {\url{https://omes-va.com/deteccion-de-rostros-con-haar-cascades-python-opencv/}},
  note         = {Consultado: 11-Oct-2024}
}
