@misc{yi2016liftlearnedinvariantfeature,
  title         = {LIFT: Learned Invariant Feature Transform},
  author        = {Kwang Moo Yi and Eduard Trulls and Vincent Lepetit and Pascal Fua},
  year          = {2016},
  eprint        = {1603.09114},
  archiveprefix = {arXiv},
  primaryclass  = {cs.CV},
  url           = {https://arxiv.org/abs/1603.09114}
}