@misc{huang2018denselyconnectedconvolutionalnetworks,
  title         = {Densely Connected Convolutional Networks},
  author        = {Gao Huang and Zhuang Liu and Laurens van der Maaten and Kilian Q. Weinberger},
  year          = {2018},
  eprint        = {1608.06993},
  archiveprefix = {arXiv},
  primaryclass  = {cs.CV},
  url           = {https://arxiv.org/abs/1608.06993}
}
@misc{densenet_review,
  author    = {Ritesh Bhagwat},
  title     = {Review: DenseNet - Image Classification},
  year      = {2018},
  url       = {https://towardsdatascience.com/review-densenet-image-classification-b6631a8ef803},
  note      = {Accessed: 2024-11-19},
  publisher = {Towards Data Science}
}
@misc{densenet_guide,
  author    = {Alejandro Ito Aramend√≠a},
  title     = {DenseNet: A Complete Guide},
  year      = {2021},
  url       = {https://medium.com/@alejandro.itoaramendia/densenet-a-complete-guide-84fedef21dcc},
  note      = {Accessed: 2024-11-19},
  publisher = {Medium}
}
@inbook{inbook,
  author = {Li, Bin},
  year   = {2021},
  month  = {12},
  pages  = {},
  title  = {Facial expression recognition by DenseNet-121},
  isbn   = {9780323900324},
  doi    = {10.1016/B978-0-323-90032-4.00019-5}
}