@misc{lin2015microsoftcococommonobjects,
  title         = {Microsoft COCO: Common Objects in Context},
  author        = {Tsung-Yi Lin and Michael Maire and Serge Belongie and Lubomir Bourdev and Ross Girshick and James Hays and Pietro Perona and Deva Ramanan and C. Lawrence Zitnick and Piotr Dollár},
  year          = {2015},
  eprint        = {1405.0312},
  archiveprefix = {arXiv},
  primaryclass  = {cs.CV},
  url           = {https://arxiv.org/abs/1405.0312}
}

@misc{zaidi2021surveymoderndeeplearning,
  title         = {A Survey of Modern Deep Learning based Object Detection Models},
  author        = {Syed Sahil Abbas Zaidi and Mohammad Samar Ansari and Asra Aslam and Nadia Kanwal and Mamoona Asghar and Brian Lee},
  year          = {2021},
  eprint        = {2104.11892},
  archiveprefix = {arXiv},
  primaryclass  = {cs.CV},
  url           = {https://arxiv.org/abs/2104.11892}
}
@misc{russakovsky2015imagenetlargescalevisual,
  title         = {ImageNet Large Scale Visual Recognition Challenge},
  author        = {Olga Russakovsky and Jia Deng and Hao Su and Jonathan Krause and Sanjeev Satheesh and Sean Ma and Zhiheng Huang and Andrej Karpathy and Aditya Khosla and Michael Bernstein and Alexander C. Berg and Li Fei-Fei},
  year          = {2015},
  eprint        = {1409.0575},
  archiveprefix = {arXiv},
  primaryclass  = {cs.CV},
  url           = {https://arxiv.org/abs/1409.0575}
}
@article{Kuznetsova_2020,
  title     = {The Open Images Dataset V4: Unified Image Classification, Object Detection, and Visual Relationship Detection at Scale},
  volume    = {128},
  issn      = {1573-1405},
  url       = {http://dx.doi.org/10.1007/s11263-020-01316-z},
  doi       = {10.1007/s11263-020-01316-z},
  number    = {7},
  journal   = {International Journal of Computer Vision},
  publisher = {Springer Science and Business Media LLC},
  author    = {Kuznetsova, Alina and Rom, Hassan and Alldrin, Neil and Uijlings, Jasper and Krasin, Ivan and Pont-Tuset, Jordi and Kamali, Shahab and Popov, Stefan and Malloci, Matteo and Kolesnikov, Alexander and Duerig, Tom and Ferrari, Vittorio},
  year      = {2020},
  month     = mar,
  pages     = {1956–1981}
}

@misc{girshick2015fastrcnn,
  title         = {Fast R-CNN},
  author        = {Ross Girshick},
  year          = {2015},
  eprint        = {1504.08083},
  archiveprefix = {arXiv},
  primaryclass  = {cs.CV},
  url           = {https://arxiv.org/abs/1504.08083}
}
@misc{he2018maskrcnn,
  title         = {Mask R-CNN},
  author        = {Kaiming He and Georgia Gkioxari and Piotr Dollár and Ross Girshick},
  year          = {2018},
  eprint        = {1703.06870},
  archiveprefix = {arXiv},
  primaryclass  = {cs.CV},
  url           = {https://arxiv.org/abs/1703.06870}
}

@article{Everingham15,
  author  = {Everingham, M. and Eslami, S. M. A. and Van~Gool, L. and Williams, C. K. I. and Winn, J. and Zisserman, A.},
  title   = {The Pascal Visual Object Classes Challenge: A Retrospective},
  journal = {International Journal of Computer Vision},
  volume  = {111},
  year    = {2015},
  number  = {1},
  month   = jan,
  pages   = {98--136}
}
@dataset{pascal_voc_2012,
  title  = {Pascal VOC 2012 Dataset},
  author = {Roboflow Public Datasets},
  year   = {2020},
  url    = {https://public.roboflow.com/object-detection/pascal-voc-2012/1},
  note   = {Dataset for object detection tasks}
}
@misc{emgucv_models,
  author       = {{EmguCV Community}},
  title        = {EmguCV Models Repository},
  year         = {2024},
  publisher    = {GitHub},
  howpublished = {\url{https://github.com/emgucv/models}},
  note         = {Accessed: 2024-11-25}
}

@misc{opencv_extra,
  author       = {{OpenCV Contributors}},
  title        = {OpenCV Extra Repository},
  year         = {2024},
  publisher    = {GitHub},
  howpublished = {\url{https://github.com/opencv/opencv_extra}},
  note         = {Accessed: 2024-11-25}
}
@inproceedings{padilla2020survey,
  title        = {A survey on performance metrics for object-detection algorithms},
  author       = {Padilla, Rafael and Netto, Sergio L and Da Silva, Eduardo AB},
  booktitle    = {2020 international conference on systems, signals and image processing (IWSSIP)},
  pages        = {237--242},
  year         = {2020},
  organization = {IEEE}
}
@misc{canu2021instance,
  author = {Sergio Canu},
  title  = {Instance Segmentation MASK R-CNN with Python and OpenCV},
  year   = {2021},
  url    = {https://pysource.com/2021/05/18/instance-segmentation-mask-r-cnn-with-python-and-opencv/},
  note   = {Accessed: 2024-11-26}
}
@misc{henderson2017endtoendtrainingobjectclass,
  title         = {End-to-end training of object class detectors for mean average precision},
  author        = {Paul Henderson and Vittorio Ferrari},
  year          = {2017},
  eprint        = {1607.03476},
  archiveprefix = {arXiv},
  primaryclass  = {cs.CV},
  url           = {https://arxiv.org/abs/1607.03476}
}